<record><leader>00000cas a22000007a 4500</leader><controlfield tag="001">33139305</controlfield><controlfield tag="008">950915c19959999vaucr n       0   a0eng c</controlfield><datafield ind1=" " ind2=" " tag="010"><subfield code="a">sn 95005517 </subfield></datafield><datafield ind1=" " ind2=" " tag="040"><subfield code="a">NSD</subfield><subfield code="b">eng</subfield><subfield code="c">NSD</subfield><subfield code="d">NVK</subfield><subfield code="d">OCL</subfield><subfield code="d">OCLCQ</subfield><subfield code="d">OCLCF</subfield><subfield code="d">OCLCO</subfield><subfield code="d">CUS</subfield></datafield><datafield ind1=" " ind2=" " tag="012"><subfield code="m">y</subfield></datafield><datafield ind1="1" ind2=" " tag="022"><subfield code="a">1084-7294</subfield><subfield code="l">1084-7294</subfield><subfield code="y">0744-0766</subfield><subfield code="2">1</subfield></datafield><datafield ind1=" " ind2=" " tag="032"><subfield code="a">499620</subfield><subfield code="b">USPS</subfield></datafield><datafield ind1=" " ind2=" " tag="042"><subfield code="a">nsdp</subfield><subfield code="a">pcc</subfield></datafield><datafield ind1=" " ind2="0" tag="222"><subfield code="a">Smyth County news &amp; messenger</subfield></datafield><datafield ind1="0" ind2="0" tag="245"><subfield code="a">Smyth County news &amp; messenger.</subfield></datafield><datafield ind1="3" ind2=" " tag="246"><subfield code="a">Smyth County news and messenger</subfield></datafield><datafield ind1=" " ind2=" " tag="260"><subfield code="a">Marion, VA :</subfield><subfield code="b">Family Community Newspapers of Southwest Virginia,</subfield><subfield code="c">1995-</subfield></datafield><datafield ind1=" " ind2=" " tag="300"><subfield code="a">v.</subfield></datafield><datafield ind1=" " ind2=" " tag="310"><subfield code="a">Semiweekly</subfield></datafield><datafield ind1="0" ind2=" " tag="362"><subfield code="a">Vol. 112, no. 67 (Aug. 23, 1995)-</subfield></datafield><datafield ind1=" " ind2=" " tag="500"><subfield code="a">Wednesday issue called "Midweek edition."  Saturday issue called "Weekend edition."</subfield></datafield><datafield ind1=" " ind2=" " tag="530"><subfield code="a">Available on microfilm from UMI.</subfield></datafield><datafield ind1=" " ind2=" " tag="580"><subfield code="a">Formed by the union of: Smyth County news; and: Saltville news-messenger.</subfield></datafield><datafield ind1=" " ind2="0" tag="651"><subfield code="a">Marion (Va.)</subfield><subfield code="v">Newspapers.</subfield></datafield><datafield ind1=" " ind2="0" tag="651"><subfield code="a">Saltville (Va.)</subfield><subfield code="v">Newspapers.</subfield></datafield><datafield ind1=" " ind2="0" tag="651"><subfield code="a">Abingdon (Va.)</subfield><subfield code="v">Newspapers.</subfield></datafield><datafield ind1=" " ind2="7" tag="651"><subfield code="a">Virginia</subfield><subfield code="z">Abingdon.</subfield><subfield code="2">fast</subfield><subfield code="0">(OCoLC)fst01216144</subfield></datafield><datafield ind1=" " ind2="7" tag="651"><subfield code="a">Virginia</subfield><subfield code="z">Marion.</subfield><subfield code="2">fast</subfield><subfield code="0">(OCoLC)fst01225029</subfield></datafield><datafield ind1=" " ind2="7" tag="651"><subfield code="a">Virginia</subfield><subfield code="z">Saltville.</subfield><subfield code="2">fast</subfield><subfield code="0">(OCoLC)fst01224800</subfield></datafield><datafield ind1=" " ind2="7" tag="655"><subfield code="a">Newspapers.</subfield><subfield code="2">fast</subfield><subfield code="0">(OCoLC)fst01423814</subfield></datafield><datafield ind1=" " ind2=" " tag="752"><subfield code="a">United States</subfield><subfield code="b">Virginia</subfield><subfield code="c">Smyth</subfield><subfield code="d">Marion.</subfield></datafield><datafield ind1="0" ind2="8" tag="776"><subfield code="i">Online version:</subfield><subfield code="t">Smyth County news &amp; messenger (Online)</subfield><subfield code="x">1084-7294</subfield><subfield code="w">(DLC)sn 95005517</subfield><subfield code="w">(OCoLC)524517309</subfield></datafield><datafield ind1="1" ind2="4" tag="780"><subfield code="t">Smyth County news</subfield><subfield code="x">0744-0766</subfield><subfield code="w">(DLC)sn 81006002</subfield></datafield><datafield ind1="1" ind2="4" tag="780"><subfield code="t">Saltville news-messenger</subfield><subfield code="w">(DLC)sn 00064921</subfield><subfield code="w">(OCoLC)32888891</subfield></datafield><datafield ind1="4" ind2="1" tag="856"><subfield code="u">http://search.ebscohost.com/login.aspx?direct=true&amp;db=nfh&amp;jid=Smyth_County_News__amp__Messenger__Marion__VA_&amp;site=ehost-live</subfield></datafield><datafield ind1="1" ind2=" " tag="029"><subfield code="a">AU@</subfield><subfield code="b">000011993137</subfield></datafield><datafield ind1="1" ind2=" " tag="029"><subfield code="a">NZ1</subfield><subfield code="b">16071797</subfield></datafield></record>